@Book{xie2015,
  title = {Dynamic Documents with {R} and knitr},
  author = {Yihui Xie},
  publisher = {Chapman and Hall/CRC},
  address = {Boca Raton, Florida},
  year = {2015},
  edition = {2nd},
  note = {ISBN 978-1498716963},
  url = {http://yihui.org/knitr/},
}

@article{barreña1994,
	title = {Chomskyren arauak eta hizkuntz jabekuntza},
	author = {{Barreña}, Andoni},
	year = {1994},
	month = {06},
	date = {1994-06-01},
	journal = {Elhuyar aldizkaria},
	pages = {25--31},
	volume = {1994},
	url = {https://zientzia.eus/artikuluak/chomskyren-arauak-eta-hizkuntz-jabekuntza/},
	note = {00000},
	langid = {basque}
}

@article{75/20232023,
	title = {75/2023 dekretua, maiatzaren 30ekoa, Haur Hezkuntzaren curriculuma zehaztu eta Euskal Autonomia Erkidegoan ezartzekoa.},
	year = {2023},
	month = {06},
	date = {2023-06-10},
	journal = {Euskal Herriko Agintaritzaren Aldizkaria},
	pages = {1--41},
	number = {109},
	url = {https://www.legegunea.euskadi.eus/eli/es-pv/d/2023/05/30/75/dof/eus/html/webleg00-contfich/eu/},
	note = {tex.ids= hezkuntzasaila752023DEKRETUA2023a},
	langid = {basque}
}

@book{penfield1959,
	title = {Speech and brain-mechanisms},
	author = {Penfield, Wilder and Roberts, Lamar},
	year = {1959},
	date = {1959},
	publisher = {Princeton University Press},
	note = {OCLC: 506005},
	address = {Princeton, NJ},
	langid = {eng}
}

@book{marina1993,
	title = {Teoría de la inteligencia creadora},
	author = {Marina, {José Antonio}},
	year = {1993},
	date = {1993},
	publisher = {Editorial Anagrama},
	series = {Colección Argumentos},
	number = {145},
	note = {01089},
	address = {Barcelona}
}

@book{tough1996,
	title = {El lenguaje oral en la escuela: una guía de observación y actuación para el maestro},
	author = {Tough, Joan},
	year = {1996},
	date = {1996},
	publisher = {Visor},
	series = {Aprendizaje},
	number = {34},
	edition = {[2a ed.].},
	note = {00156},
	address = {Madrid},
	langid = {Espainiera}
}

@book{wells1988,
	title = {Aprender a leer y escribir},
	author = {Wells, Gordon.},
	year = {1988},
	date = {1988},
	publisher = {Laia},
	series = {Cuadernos de Pedagogía ; 37},
	note = {00213 
Section: 267 p. ; 25 cm},
	address = {Barcelona},
	langid = {Espainiera}
}

@article{lenneberg1967,
	title = {The Biological Foundations of Language},
	author = {Lenneberg, Eric H.},
	year = {1967},
	month = {12},
	date = {1967-12},
	journal = {Hospital Practice},
	pages = {59--67},
	volume = {2},
	number = {12},
	doi = {10.1080/21548331.1967.11707799},
	url = {http://www.tandfonline.com/doi/full/10.1080/21548331.1967.11707799},
	note = {2353 citations (Crossref/DOI) [2025-08-19]},
	langid = {en}
}

@article{krashen1976,
	title = {Formal and Informal Linguistic Environments in Language Acquisition and Language Learning},
	author = {Krashen, Stephen D.},
	year = {1976},
	month = {06},
	date = {1976-06},
	journal = {TESOL Quarterly},
	pages = {157},
	volume = {10},
	number = {2},
	doi = {10/fv4sm8},
	url = {http://www.jstor.org/discover/10.2307/3585637?uid=3737952&uid=2&uid=4&sid=21104551053703},
	note = {00311}
}

@article{perales2004,
	title = {Euskara helduaroan ikasteko motibazioa: hainbat gogoeta},
	author = {Perales, Josu},
	year = {2004},
	date = {2004},
	journal = {Uztaro},
	pages = {23--43},
	volume = {50},
	url = {http://ueu.org/download/artikulua/uztaro50_3.pdf},
	note = {00003
tex.ids= peralesEuskaraHelduaroanIkasteko2004a
publisher: Udako Euskal Unibertsitatea, UEU
section: Uztaro: giza eta gizarte-zientzien aldizkaria},
	langid = {basque}
}

@article{selinker1972,
	title = {Interlanguage},
	author = {Selinker, Larry},
	year = {1972},
	date = {1972},
	journal = {IRAL - International Review of Applied Linguistics in Language Teaching},
	volume = {10},
	number = {1-4},
	doi = {10.1515/iral.1972.10.1-4.209},
	url = {https://www.degruyter.com/document/doi/10.1515/iral.1972.10.1-4.209/html},
	note = {1369 citations (Crossref/DOI) [2025-08-19]}
}

@article{singleton2005,
	title = {The Critical Period Hypothesis: A coat of many colours},
	author = {Singleton, David},
	year = {2005},
	month = {11},
	date = {2005-11-18},
	pages = {269--285},
	volume = {43},
	number = {4},
	doi = {10.1515/iral.2005.43.4.269},
	url = {https://www.degruyterbrill.com/document/doi/10.1515/iral.2005.43.4.269/html},
	note = {91 citations (Crossref/DOI) [2025-08-19]
Publisher: De Gruyter Mouton
Section: International Review of Applied Linguistics in Language Teaching},
	langid = {en}
}

@book{vygotskij1965,
	title = {Thought and language},
	author = {Vygotskij, {Lev Semenovi{\v{c}}}},
	year = {1965},
	date = {1965},
	publisher = {MIT Press},
	address = {Cambridge, Mass},
	langid = {eng}
}

@inbook{barreña2012,
	title = {Fonologiaren, lexikoaren, morfologiaren eta sintaxiaren garapena haur euskaldunengan},
	author = {{Barreña}, Andoni},
	year = {2012},
	date = {2012},
	publisher = {Mendebalde Kultura Alkartea},
	pages = {67--107},
	series = {Jardunaldiak},
	volume = {16},
	number = {XVI},
	url = {http://www.mendebalde.com/modulos/usuariosFtp/conexion/archi524A.pdf},
	note = {00000},
	address = {Bilbo},
	langid = {eus}
}

@article{garcia2014,
	title = {Haur euskaldunen komunikazio-garapena neurtzen 30-50 hila-bete bitartean: MacArthur-Bates CDI-III tresnaren euskal bertsioa},
	author = {Garcia, {Iñaki} and {Barreña}, Andoni and Ezeizabarrena, Maria Jose and Almgren, Margareta and Arratibel, Nekane and Barnes, Julia},
	year = {2014},
	date = {2014},
	journal = {Uztaro: giza eta gizarte-zientzien aldizkaria},
	pages = {33--72},
	volume = {88},
	url = {http://www.researchgate.net/profile/Inaki_Garcia3/publication/261444474_Haur_euskaldunen_komunikazio-_garapena_neurtzen_30-50_hila-_bete_bitartean_MacArthur-Bates_CDI-III_tresnaren_euskal_bertsioa/links/02e7e5344fd6a96c00000000.pdf},
	note = {00000},
	langid = {eus}
}

@inbook{aduriz2011,
	title = {Sintaxia},
	author = {Aduriz, Itziar and Aranzabe, Maria Jesus and Arriola, Jose Maria and Gojenola, Koldo},
	year = {2011},
	date = {2011},
	publisher = {Euskara Institutua, UPV/EHU},
	url = {https://www.ehu.eus/seg/hizk/1/4},
	note = {00000},
	address = {Leioa},
	langid = {basque}
}

@inbook{dulay1977,
	title = {Remarks on Creativity in Language Acquisition},
	author = {Alatis, James E. and Burt, Marina K. and Dulay, Heidi C. and Finocchiaro, Mary Bonomo},
	year = {1977},
	date = {1977},
	publisher = {Regents Pub. Co.},
	pages = {95--126},
	note = {Open Library ID: OL4764362M},
	address = {New York},
	langid = {eng}
}

@book{krashen1981,
	title = {Second Language Acquisition and Second Language Learning},
	author = {Krashen, Stephen D.},
	year = {1981},
	date = {1981},
	publisher = {Pergamon Press Inc},
	series = {Language Teaching Methodology},
	url = {http://archive.org/details/stephen-krashen-second-language-acquisition-and-second-language-learning-languag},
	address = {Oxford}
}

@book{krashen1982,
	title = {Principles and practice in second language acquisition},
	author = {Krashen, Stephen},
	year = {1982},
	date = {1982},
	publisher = {Pergamon Press},
	series = {Language teaching methodology series},
	url = {http://www.sdkrashen.com/content/books/principles_and_practice.pdf},
	note = {13700},
	address = {Oxford},
	langid = {eng}
}

@inbook{bigas2000,
	title = {El lenguaje oral en la escuela infantil},
	author = {Bigas, Montserrat},
	year = {2000},
	date = {2000},
	publisher = {Síntesis},
	pages = {43--70},
	url = {https://dialnet.unirioja.es/servlet/articulo?codigo=2098676},
	note = {00099 
Section: Didáctica de la lengua en la educación infantil},
	langid = {spa}
}

@book{sanchez-cano2009,
	title = {La conversación en pequeños grupos en el aula},
	author = {Sanchez-Cano, Manuel and Cabra, M and Comallonga, Lourdes and {Escudé}, Neus and Font, Elisabet and {Forés}, Nati and Fuster, Marisa and {Giné}, Mariona and Grau, Rosa and Mas, Teresa and {Ribó}, Elisenda},
	year = {2009},
	date = {2009},
	publisher = {Graó},
	note = {00029 
tex.ids: sanchezcanoConversacionPequenosGrupos2009},
	address = {Barcelona},
	langid = {Spanish}
}

@article{arnau1999,
	title = {Aproximaciones pedagógicas en la enseñanza de una segunda lengua a través de las matemáticas en la inmersión temprana},
	author = {Arnau, Joaquim},
	year = {1999},
	date = {1999},
	journal = {Journal for the Study of Education and Development, Infancia y Aprendizaje},
	pages = {41--56},
	number = {86},
	url = {https://dialnet.unirioja.es/servlet/articulo?codigo=48612},
	note = {00008 
Publisher: Fundación Infancia y Aprendizaje
Section: Journal for the Study of Education and Development, Infancia y Aprendizaje},
	langid = {spa}
}

@inbook{huarte2012,
	title = {Interakzioaren garrantzia euskararen sarrera goiztiarrean},
	author = {Huarte, Maider and Ozerinjauregi, Jone},
	year = {2012},
	date = {2012},
	publisher = {Mendebalde Kultur Elkartea},
	pages = {183--208},
	url = {https://www.inguma.eus/produkzioa/ikusi/ar-interakzioaren-garrantzia-euskararen-sarrera-goiztiarrean?hizkuntza=es},
	note = {Publisher: MENDEBALDE arg},
	address = {Bilbo},
	langid = {basque}
}

@book{direcciogeneraldordenacioiinnovacioeducativaUsLlenguatgeEscola2004,
  title = {{L'{\'u}s del llenguatge a l'escola: propostes d'intervenci{\'o} per a l'alumnat amb dificultats de comunicaci{\'o} i llenguatge}},
  shorttitle = {{L'{\'u}s del llenguatge a l'escola}},
  author = {{Direcci{\'o} General d'Ordenaci{\'o} i Innovaci{\'o} Educativa} and {Departament d'Educaci{\'o}}},
  year = {2004},
  publisher = {Departament d'Educaci{\'o}, Servei de Difusi{\'o} i Publicacions},
  address = {Barcelona},
  isbn = {978-84-393-6554-9},
  langid = {catalan}
}

@article{kirby2021,
	title = {Oral Narrative Instruction Improves Kindergarten Writing},
	author = {Kirby, Megan S. and Spencer, Trina D. and Chen, Yi-Jui Iva},
	year = {2021},
	month = {11},
	date = {2021-11-02},
	journal = {Reading & Writing Quarterly},
	pages = {574--591},
	volume = {37},
	number = {6},
	doi = {10.1080/10573569.2021.1879696},
	url = {https://doi.org/10.1080/10573569.2021.1879696},
	note = {27 citations (Crossref/DOI) [2025-07-28]
Publisher: Routledge
{\_}eprint: https://doi.org/10.1080/10573569.2021.1879696}
}

@article{hart2003,
	title = {The Early Catastrophe},
	author = {Hart, Betty and Risley, Todd R},
	year = {2003},
	date = {2003},
	journal = {American Educator},
	pages = {4--9},
	volume = {27},
	number = {1},
	url = {https://www.aft.org/ae/spring2003/hart_risley},
	note = {tex.ids= hartEarlyCatastrophe2023},
	langid = {en}
}

@book{hart1995,
	title = {Meaningful differences in the everyday experience of young American children},
	author = {Hart, Betty and Risley, Todd R.},
	year = {1995},
	date = {1995},
	publisher = {P. H. Brookes},
	address = {Baltimore},
	langid = {eng}
}
